@unpublished{bkfunding2013up,
    author  = "Burgard, C. and Kjaer, M.",
    title   = "Funding Costs, Funding Strategies",
    year    = "2013",
    month   = "November",
    note    = "Version 12.0",
    url     = "http://ssrn.com/abstract=2027195"
}


@article{bkfunding2013,
    author    = "Burgard, C. and Kjaer, M.",
    title     = "Funding strategies, funding costs",
    journal   = "Risk Magazine",
    pages     = "82--87",
    year      = "2013",
    month     = "December",
    url       = "http://www.risk.net/risk-magazine/technical-paper/2310207/funding-strategies-funding-costs"
}
